% This file was created with JabRef 2.10.
% Encoding: UTF8


@Book{Anaya18,
  Title                    = {Clean Code in Python},
  Author                   = {Anaya, Mariano},
  Publisher                = {Packt Publishing},
  Year                     = {2018},

  Url                      = {http://proquest.techbus.safaribooksonline.de/book/programming/python/9781788835831}
}

@Book{Gamma11,
  Title                    = {Entwurfsmuster},
  Author                   = {Gamma, Erich},
  Publisher                = {Addison-Wesley},
  Year                     = {2011},

  Address                  = {M{\"u}nchen [u.a.]},
  Edition                  = {[6. Aufl.]},
  Note                     = {Auflagenbez. dem Vorwort entnommen},
  Series                   = {Programmer's choice},

  ISBN                     = {978-3-8273-3043-7},
  Keywords                 = {Entwurfsmuster ; Softwareentwicklung / Objektorientierte Programmierung / Softwarewiederverwendung},
  Language                 = {ger},
  Library                  = {UB [Signatur: LN-U 10-8998::(6)]},
  Pages                    = {XXII, 479 S.},
  Subtitle                 = {Elemente wiederverwendbarer objektorientierter Software}
}

@Book{Giridhar16,
  Title                    = {Learning Python design patterns},
  Author                   = {Giridhar, Chetan},
  Publisher                = {Packt Publishing},
  Year                     = {2016},

  Address                  = {Birmingham, UK},
  Edition                  = {Second edition (Online-Ausg.)},
  Note                     = {Includes index. - Description based on online resource; title from cover page (Safari, viewed February 26, 2016)},
  Series                   = {Community experience distilled},

  ISBN                     = {978-1-78588-803-8 and 978-1-78588-737-6 and 1-78588-737-8},
  Language                 = {eng},
  Library                  = {UB ; UW},
  Pages                    = {Online-Ressource (1 online resource (1 volume))},
  Subtitle                 = {leverage the power of Python design patterns to solve real-world problems in software architecture and design},
  Url                      = {http://proquest.tech.safaribooksonline.de/9781785888038}
}

@Book{Kasampalis15,
  Title                    = {Mastering Python design patterns},
  Author                   = {Kasampalis, Sakis},
  Publisher                = {Packt Publishing},
  Year                     = {2015},

  Address                  = {Birmingham, UK},
  Edition                  = {Online-Ausg.},
  Note                     = {Includes index},
  Series                   = {Community experience distilled},

  ISBN                     = {1-78398-933-5 and 978-178-398-932-4 and 978-178-398-933-1 and 978-1-78398-933-1},
  Keywords                 = {Python <Programmiersprache> / Entwurfsmuster},
  Language                 = {eng},
  Library                  = {UB ; UW},
  Pages                    = {Online-Ressource (1 volume)},
  Subtitle                 = {create various design patterns to master the art of solving problems using Python},
  Url                      = {http://proquest.tech.safaribooksonline.de/9781783989324}
}

@Book{Lott14,
  Title                    = {Mastering object-oriented Python},
  Author                   = {Lott, Steven F.},
  Publisher                = {Packt Publishing},
  Year                     = {2014},

  Address                  = {Birmingham, UK},
  Edition                  = {Online-Ausg.},
  Series                   = {Community expertise distilled},

  ISBN                     = {1-78328-098-0 and 978-178-328-097-1 and 978-178-328-098-8 and 978-1-78328-098-8},
  Language                 = {eng},
  Library                  = {UB ; UW},
  Pages                    = {Online-Ressource (1 v.)},
  Subtitle                 = {grasp the intricacies of object-oriented programming in Python in order to efficiently build powerful real-world applications},
  Url                      = {http://proquest.tech.safaribooksonline.de/9781783280971}
}

@Book{Meier17,
  Title                    = {Python GUI programming cookbook},
  Author                   = {Meier, Burkhard A.},
  Publisher                = {Packt Publishing},
  Year                     = {2017},

  Address                  = {Birmingham, UK},
  Edition                  = {Second edition},

  ISBN                     = {978-1-78712-902-3 and 1-78712-902-0 and 978-1-78712-945-0},
  Language                 = {eng},
  Library                  = {UB ; UW},
  Pages                    = {1 Online-Ressource (1 volume)},
  Subtitle                 = {develop beautiful and powerful GUIs using the Python programming language},
  Url                      = {http://proquest.tech.safaribooksonline.de/9781787129450}
}

@Book{Moore18,
  Title                    = {Python GUI Programming with Tkinter},
  Author                   = {Moore, Alan D.},
  Publisher                = {Packt Publishing},
  Year                     = {2018},

  Url                      = {http://proquest.techbus.safaribooksonline.de/book/programming/python/9781788835886}
}

@Book{Philips15,
  Title                    = {Python 3 object-oriented programming},
  Author                   = {Phillips, Dusty},
  Publisher                = {Packt Publishing},
  Year                     = {2015},

  Address                  = {Birmingham, UK},
  Edition                  = {Second edition (Online-Ausg.)},
  Note                     = {Description based on online resource; title from cover page (Safari, viewed September 28, 2015). - Includes index},
  Series                   = {Community experience distilled},

  ISBN                     = {978-1-78439-878-1 and 978-1-78439-595-7 and 1-78439-595-1},
  Language                 = {eng},
  Library                  = {UB ; UW},
  Pages                    = {Online-Ressource (1 online resource (1 volume))},
  Subtitle                 = {unleash the power of Python 3 objects},
  Url                      = {http://proquest.tech.safaribooksonline.de/9781784398781}
}

@Book{Pillai17,
  Title                    = {Software architecture with Python},
  Author                   = {Pillai, Anand Balachandran},
  Publisher                = {Packt Publishing},
  Year                     = {2017},

  Address                  = {Birmingham, UK},

  ISBN                     = {978-1-78646-722-5 and 1-78646-722-4 and 978-1-78646-852-9},
  Language                 = {eng},
  Library                  = {UB ; UW},
  Pages                    = {1 Online-Ressource (1 volume)},
  Subtitle                 = {design and architect highly scalable, robust, clean, and high performance applications in Python},
  Url                      = {http://proquest.tech.safaribooksonline.de/9781786468529}
}

@Book{Starke15,
  Title                    = {Effektive Softwarearchitekturen},
  Author                   = {Starke, Gernot},
  Publisher                = {Hanser},
  Year                     = {2015},

  Address                  = {M{\"u}nchen},
  Edition                  = {7., {\"u}berarb. Aufl.},

  ISBN                     = {978-3-446-44361-7},
  Keywords                 = {Softwarearchitektur},
  Language                 = {ger},
  Library                  = {UB [Signatur: LN-U 10-11709::(7)]},
  Pages                    = {XIV, 444 S.},
  Subtitle                 = {ein praktischer Leitfaden}
}

