@article{weranders,
	author = "Hans Weranders",
	title ="Der Titel ist seine Allegorie seiner selbst",
	journal ="Bücher über dies und das",
	year="1999",
	month="Februar",
	pages = "257-286",
	note = {abgerufen von \url{http://www.bretschneidernet.de/tips/octave_bildverarbeitung.html} am 22.3.2014},
}